 
% ksiazka
@Book{bib:ksiazka,
  Title                    = {Tytuł książki},
  Author                   = {Imię Nazwisko and Nazwisko, Imię and Imię Nazwisko},
  Publisher                = {Wydawnictwo},
  Year                     = {2017},
  Address                  = {Warszawa},
  ISBN                     = {83-204-3229-9-434}
}

% artykul w czasopismie
@Article{bib:artykul,
  Title                    = {Tytuł artykułu w czasopiśmie},
  Author                   = {Imię Nazwisko and Nazwisko, Imię and Imię Nazwisko},
  Journal                  = {Tytuł czasopisma},
  Year                     = {2016},
  Number                   = {8},
  Pages                    = {1092--1113},
  Volume                   = {157}
}

% artykul konferencyjny
@InProceedings{bib:konferencja,
  Title                    = {Tytuł artykułu konferencyjnego},
  Author                   = {Imię Nazwisko and Nazwisko, Imię and Imię Nazwisko},
  Booktitle                = {Nazwa konferecji},
  Year                     = {2006}, 
  Pages                    = {5346--5349}
}
 
% zrodlo internetowe
@online{bib:internet,
  author                   = {Imię Nazwisko and Nazwisko, Imię},
  title                    = {Tytuł strony internetowej},
  year                     = {2021}, 
  url                      = {http://gdzies/w/internecie/internet.html},
  urldate                  = {2021-09-30}
}

@online{bib:iqsoftshadow,
  author                   = {Inigo Quilez},
  title                    = {Soft Shadows},
  year                     = {2018},
  url                      = {https://iquilezles.org/articles/rmshadows/},
  urldate                  = {2022-12-09}
}

@online{bib:iqfbm,
  author                   = {Inigo Quilez},
  title                    = {fBM},
  year                     = {2019},
  url                      = {https://iquilezles.org/articles/fbm/},
  urldate                  = {2022-12-09}
}

@Book{bib:bookofshaders,
  Title                    = {The Book of Shaders},
  Author                   = {Patricio Gonzalez Vivo, Jen Lowe},
  Year                     = {2015},
  url                      = {https://thebookofshaders.com/},
  urldate                  = {2022-12-19}
}

@online{bib:gcraymarch,
  author                   = {Morgan McGuire},
  title                    = {Graphics Codex},
  year                     = {2021},
  url                      = {https://graphicscodex.courses.nvidia.com/app.html?page=_rn_rayMrch},
  urldate                  = {2022-12-19}
}

@inproceedings{bib:Musgrave2003ProceduralFT,
  title={Procedural fractal terrains},
  author={F. Kenton Musgrave},
  year={2003}
}

@online{bib:iqterrain,
  author                   = {Inigo Quilez},
  title                    = {raymarching terrains},
  year                     = {2002},
  url                      = {https://iquilezles.org/articles/terrainmarching/},
  urldate                  = {2022-12-19}
}

@online{bib:glslpow,
  author                   = {John Kessenich,Dave Baldwin, Randi Rost},
  title                    = {The OpenGL® Shading Language, Version 4.60.7},
  year                     = {2019},
  url                      = {https://registry.khronos.org/OpenGL/specs/gl/GLSLangSpec.4.60.pdf},
  urldate                  = {2022-12-19}
}
@inproceedings{bib:Liktor2008RayTI,
  title={Ray tracing implicit surfaces on the GPU},
  author={Gabor Liktor},
  year={2008}
}

@book{bib:gpugems2,
    author = {Pharr, Matt and Fernando, Randima},
    title = {GPU Gems 2: Programming Techniques for High-Performance Graphics and General-Purpose Computation (Gpu Gems)},
    year = {2005},
    isbn = {0321335597},
    chapter = {8},
    publisher = {Addison-Wesley Professional}
}

@article{bib:spheretracing,
author = {Hart, John},
year = {1995},
month = {06},
pages = {},
title = {Sphere Tracing: A Geometric Method for the Antialiased Ray Tracing of Implicit Surfaces},
volume = {12},
journal = {The Visual Computer},
doi = {10.1007/s003710050084}
}
